@book{protein_physics,
  author={A. Finkelstein and O. Ptitsyn},
  title={Protein Physics: A Course of Lectures},
  year={2002},
  publisher={Accademic Press}
}

@article{preprint,
	author={M. Baiesi and E. Orlandini and F. Seno and A. Trovato},
	title={Evolutionary patterns detected in entangled proteins},
	journal={arXiv e-prints},
	keywords={Quantitative Biology - Biomolecules, Condensed Matter - Soft Condensed Matter, Condensed Matter - Statistical Mechanics},
	year={2018},
	month={Sep},
	eid={arXiv:1809.02173},
	pages={arXiv:1809.02173},
	archivePrefix={arXiv},
	eprint={1809.02173},
	primaryClass={q-bio.BM},
	adsurl={https://ui.adsabs.harvard.edu/\#abs/2018arXiv180902173B},
	adsnote={Provided by the SAO/NASA Astrophysics Data System}
}

@article{Baiesi_2017,
	doi= {10.1088/1751-8121/aa97e7},
	url= {https://doi.org/10.1088%2F1751-8121%2Faa97e7},
	year={2017},
	month={Nov},
	publisher={{IOP} Publishing},
	volume={50},
	number={50},
	pages={504001},
	author={M. Baiesi and E. Orlandini and F. Seno and A. Trovato},
	title={Exploring the correlation between the folding rates of proteins and the entanglement of their native states},
	journal={Journal of Physics A: Mathematical and Theoretical}
}

@article{Jackson2017HowTF,
	title={How to fold intricately: using theory and experiments to unravel the properties of knotted proteins.},
	author={E. J. Sophie and A. Suma and C. Micheletti},
	journal={Current opinion in structural biology},
	year={2017},
	volume={42},
	pages={6-14}
}

@article{lunghezza,
	author = {K. W. Plaxco and K. T. Simons and I. Ruczinski and D Baker},
	title = {Topology, Stability, Sequence and Length: Defining the Determinants of Two-State Protein Folding Kinetics},
	journal = {Biochemistry},
	volume = {39},
	number = {37},
	pages = {11177-11183},
	year = {2000}
}

@article{iop_science,
	year={2005},
	month={Nov},
	publisher={{IOP} Publishing},
	author={C. Chennubhotla and A. J. Rader and L. W. Yang and I. Bahar },
	title={Elastic network models for understanding biomolecular machinery: from enzymes to 
	supramolecular assemblies.},
	journal={Physical biology},
	volume={2},
	pages={S173-80},
	doi = {10.1088/1478-3975/2/4/S12}
}

@article{phys_rev,
	title={Large Amplitude Elastic Motions in Proteins from a Single-Parameter, Atomic Analysis.},
	author={M. M. Tirion},
	journal={Physical review letters},
	month={Aug},
	year={1996},
	volume={77},
	number={9},
	pages={1905-1908}	
}

@article{chem_rev,
	author={I. Bahar and T. R. Lezon and A. Bakan and I. H. Shrivastava},
	year={2009},
	month={Nov},
	pages={1463-97},
	title={Normal Mode Analysis of Biomolecular Structures: Functional Mechanisms of Membrane Proteins},
	volume={110},
	journal={Chemical reviews},
	doi={10.1021/cr900095e}
}

@article{md,
author = {C. Micheletti and P. Carloni and A. Maritan},
title = {Accurate and efficient description of protein vibrational dynamics: Comparing molecular dynamics and Gaussian models},
journal = {Proteins: Structure, Function, and Bioinformatics},
volume = {55},
number = {3},
pages = {635-645},
doi = {10.1002/prot.20049},
year = {2004}
}




